% This file was created with JabRef 2.10.
% Encoding: Cp1252

@article{Epanechnikov,
author = {{Epanechnikov, V.}},
title = {Non-Parametric Estimation of a Multivariate Probability Density},
journal = {Theory of Probability \& Its Applications},
volume = {14},
number = {1},
pages = {153-158},
year = {1969},
doi = {10.1137/1114019},
URL = {https://doi.org/10.1137/1114019},
}

@book{Silverman,
  title={Density estimation for statistics and data analysis},
  author={{Silverman, B. W.}},
  year={2018},
  publisher={Routledge, New York},
  doi={10.1201/9781315140919},
  ISBN={9781315140919}
}

@article{scikitlearn,
 title={Scikit-learn: Machine Learning in {P}ython},
 author={{Pedregosa, F., Varoquaux, G., Gramfort, A., Michel, V., Thirion, B., Grisel, O., Blondel, M., Prettenhofer, P., Weiss, R., Dubourg, V., Vanderplas, J., Passos, A., Cournapeau, D., Brucher, M., Perrot, M. and Duchesnay, E.}},
 journal={Journal of Machine Learning Research},
 volume={12},
 pages={2825--2830},
 year={2011},
 url={http://www.jmlr.org/papers/v12/pedregosa11a.html}
}

@book{Risken,
  title={The Fokker--{P}lanck {E}quation},
  author={{Risken, H.}},
  booktitle={The {F}okker--{P}lanck {E}quation},
  year={1996},
  publisher={Springer, Berlin},
  doi={10.1007/978-3-642-61544-3},
  isbn={978-3-540-61530-9}
}

@article{Lehnertz,
  title={Characterizing abrupt transitions in stochastic dynamics},
  author={{Lehnertz, K., Zabawa, L. and Tabar, M. R. R.}},
  journal={New Journal of Physics},
  volume={20},
  number={11},
  pages={113043},
  year={2018},
  doi={10.1088/1367-2630/aaf0d7},
  url={https://doi.org/10.1088%2F1367-2630%2Faaf0d7}
}

@article{Anvari,
  title={Disentangling the stochastic behavior of complex time series},
  author={{Anvari, M., Tabar, M. R. R., Peinke, J. and Lehnertz, K.}},
  journal={Scientific reports},
  volume={6},
  pages={35435},
  year={2016},
  doi={10.1038/srep35435},
  url={https://doi.org/10.1038/srep35435}  
}

@book{Tabar,
  title={Analysis and Data-Based Reconstruction of Complex Nonlinear Dynamical Systems},
  author={{Tabar, M. R. R.,}},
  booktitle={Analysis and Data-Based Reconstruction of Complex Nonlinear Dynamical Systems},	
  year={2019},
  publisher={Springer International Publishing},
  doi={10.1007/978-3-030-18472-8},
  url={https://www.springer.com/gp/book/9783030184711},
  isbn={978-3-030-18471-1}
}


@article{Lamouroux,
  title={Kernel-based regression of drift and diffusion coefficients of stochastic processes},
  author={{Lamouroux, D. and Lehnertz, K.}},
  journal={Physics Letters A},
  volume={373},
  number={39},
  pages={3507--3512},
  year={2009},
  publisher={Elsevier},
  doi={10.1016/j.physleta.2009.07.073},
  url={https://doi.org/10.1016/j.physleta.2009.07.073}
}

@article{Ansmann,
author = {{Ansmann, G.}},
title = {Efficiently and easily integrating differential equations with {JiTCODE}, {JiTCDDE}, and {JiTCSDE}},
journal = {Chaos: An Interdisciplinary Journal of Nonlinear Science},
volume = {28},
number = {4},
pages = {043116},
year = {2018},
doi = {10.1063/1.5019320},
URL = {https://doi.org/10.1063/1.5019320}
}

@Article{Sahalia,
  author  = {{A{\"\i}t-Sahalia, Y.}},
  title   = {Telling from discrete data whether the underlying continuous-time model is a diffusion},
  journal = {J. Finance},
  year    = {2002},
  volume  = {57},
  pages   = {2075--2112},
  doi = {10.1111/1540-6261.00489},
  URL = {https://doi.org/10.1111/1540-6261.00489}
}
